 @Article{Ape04,
    title = {A{PE}: analyses of phylogenetics and evolution in {R}
      language},
    author = {E. Paradis and J. Claude and K. Strimmer},
    journal = {Bioinformatics},
    year = {2004},
    volume = {20},
    pages = {289-290},
 }

@Article{Shankarappa99,
   Author="Shankarappa, R.  and Margolick, J. B.  and Gange, S. J.  and Rodrigo, A. G.  and Upchurch, D.  and Farzadegan, H.  and Gupta, P.  and Rinaldo, C. R.  and Learn, G. H.  and He, X.  and Huang, X. L.  and Mullins, J. I. ",
   Title="{{C}onsistent viral evolutionary changes associated with the progression of human immunodeficiency virus type 1 infection}",
   Journal="J. Virol.",
   Year="1999",
   Volume="73",
   Number="12",
   Pages="10489--10502",
   Month="Dec"
}

@Article{Raxml14,
   Author="Stamatakis, A. ",
   Title="{{R}{A}x{M}{L} version 8: a tool for phylogenetic analysis and post-analysis of large phylogenies}",
   Journal="Bioinformatics",
   Year="2014",
   Volume="30",
   Number="9",
   Pages="1312--1313",
   Month="May"
}

@Article{Muscle04,
   Author="Edgar, R. C. ",
   Title="{{M}{U}{S}{C}{L}{E}: multiple sequence alignment with high accuracy and high throughput}",
   Journal="Nucleic Acids Res.",
   Year="2004",
   Volume="32",
   Number="5",
   Pages="1792--1797"
}

@Article{Indelible09,
   Author="Fletcher, W.  and Yang, Z. ",
   Title="{{I}{N}{D}{E}{L}ible: a flexible simulator of biological sequence evolution}",
   Journal="Mol. Biol. Evol.",
   Year="2009",
   Volume="26",
   Number="8",
   Pages="1879--1888",
   Month="Aug"
}

@Article{McCloskey14,
   Author="McCloskey, R. M.  and Liang, R. H.  and Harrigan, P. R.  and Brumme, Z. L.  and Poon, A. F. ",
   Title="{{A}n evaluation of phylogenetic methods for reconstructing transmitted {H}{I}{V} variants using longitudinal clonal {H}{I}{V} sequence data}",
   Journal="J. Virol.",
   Year="2014",
   Volume="88",
   Number="11",
   Pages="6181--6194",
   Month="Jun"
}

@article{Pace11,
  title={HIV reservoirs and latency models},
  author={Pace, Matthew J and Agosto, Luis and Graf, Erin H and O'Doherty, Una},
  journal={Virology},
  volume={411},
  number={2},
  pages={344--354},
  year={2011},
  publisher={Elsevier}
}

@article{Joos08,
  title={HIV rebounds from latently infected cells, rather than from continuing low-level replication},
  author={Joos, Beda and Fischer, Marek and Kuster, Herbert and Pillai, Satish K and Wong, Joseph K and B{\"o}ni, J{\"u}rg and Hirschel, Bernard and Weber, Rainer and Trkola, Alexandra and G{\"u}nthard, Huldrych F and others},
  journal={Proceedings of the National Academy of Sciences},
  volume={105},
  number={43},
  pages={16725--16730},
  year={2008},
  publisher={National Acad Sciences}
}

@article{Pomerantz03,
  title={Reservoirs, sanctuaries, and residual disease: the hiding spots of HIV-1},
  author={Pomerantz, Roger J},
  journal={HIV clinical trials},
  volume={4},
  number={2},
  pages={137--143},
  year={2003},
  publisher={Thomas Land Publishers Inc.}
}

@article{Richman09,
  title={The challenge of finding a cure for HIV infection},
  author={Richman, Douglas D and Margolis, David M and Delaney, Martin and Greene, Warner C and Hazuda, Daria and Pomerantz, Roger J},
  journal={Science},
  volume={323},
  number={5919},
  pages={1304--1307},
  year={2009},
  publisher={American Association for the Advancement of Science}
}

@article{Alizon13,
  title={Within-host and between-host evolutionary rates across the HIV-1 genome},
  author={Alizon, Samuel and Fraser, Christophe},
  journal={Retrovirology},
  volume={10},
  number={1},
  pages={49},
  year={2013},
  publisher={BioMed Central Ltd}
}

@article{Vrancken14,
  title={The genealogical population dynamics of HIV-1 in a large transmission chain: Bridging within and among host evolutionary rates},
  author={Vrancken, Bram and Rambaut, Andrew and Suchard, Marc A and Drummond, Alexei and Baele, Guy and Derdelinckx, Inge and Van Wijngaerden, Eric and Vandamme, Anne-Mieke and Van Laethem, Kristel and Lemey, Philippe},
  journal={PLoS Comput Biol},
  volume={10},
  number={4},
  pages={e1003505},
  year={2014}
}

@article{Lythgoe12,
  title={New insights into the evolutionary rate of HIV-1 at the within-host and epidemiological levels},
  author={Lythgoe, Katrina A and Fraser, Christophe},
  journal={Proceedings of the Royal Society of London B: Biological Sciences},
  volume={279},
  number={1741},
  pages={3367--3375},
  year={2012},
  publisher={The Royal Society}
}

@manual{LosAlamos,
      title  = "Los Alamos HIV Database",
      url    = "http://www.hiv.lanl.gov/",
      year   = "accessed June 24, 2015"
}

@Article{Immonen14,
   Author="Immonen, T. T.  and Leitner, T. ",
   Title="{{R}educed evolutionary rates in {H}{I}{V}-1 reveal extensive latency periods among replicating lineages}",
   Journal="Retrovirology",
   Year="2014",
   Volume="11",
   Pages="81"
}

@Article{AliView14,
   Author="Larsson, A. ",
   Title="{{A}li{V}iew: a fast and lightweight alignment viewer and editor for large datasets}",
   Journal="Bioinformatics",
   Year="2014",
   Volume="30",
   Number="22",
   Pages="3276--3278",
   Month="Nov"
}

@Article{BEAST,
   Author="Drummond, A. J.  and Rambaut, A. ",
   Title="{{B}{E}{A}{S}{T}: {B}ayesian evolutionary analysis by sampling trees}",
   Journal="BMC Evol. Biol.",
   Year="2007",
   Volume="7",
   Pages="214"
}

@Article{Fischer04,
   Author="Fischer, M.  and Joos, B.  and Wong, J. K.  and Ott, P.  and Opravil, M.  and Hirschel, B.  and Weber, R.  and Gunthard, H. F. ",
   Title="{{A}ttenuated and nonproductive viral transcription in the lymphatic tissue of {H}{I}{V}-1-infected patients receiving potent antiretroviral therapy}",
   Journal="J. Infect. Dis.",
   Year="2004",
   Volume="189",
   Number="2",
   Pages="273--285",
   Month="Jan"
}

@Article{Llewellyn06,
   Author="Llewellyn, N.  and Zioni, R.  and Zhu, H.  and Andrus, T.  and Xu, Y.  and Corey, L.  and Zhu, T. ",
   Title="{{C}ontinued evolution of {H}{I}{V}-1 circulating in blood monocytes with antiretroviral therapy: genetic analysis of {H}{I}{V}-1 in monocytes and {C}{D}4+ {T} cells of patients with discontinued therapy}",
   Journal="J. Leukoc. Biol.",
   Year="2006",
   Volume="80",
   Number="5",
   Pages="1118--1126",
   Month="Nov"
}

@Article{Novitsky09,
   Author="Novitsky, V.  and Wang, R.  and Margolin, L.  and Baca, J.  and Kebaabetswe, L.  and Rossenkhan, R.  and Bonney, C.  and Herzig, M.  and Nkwe, D.  and Moyo, S.  and Musonda, R.  and Woldegabriel, E.  and van Widenfelt, E.  and Makhema, J.  and Lagakos, S.  and Essex, M. ",
   Title="{{T}iming constraints of in vivo gag mutations during primary {H}{I}{V}-1 subtype {C} infection}",
   Journal="PLoS ONE",
   Year="2009",
   Volume="4",
   Number="11",
   Pages="e7727"
}

@article{Rambaut04,
	Annote = {10.1038/nrg1246},
	Author = {Rambaut, Andrew and Posada, David and Crandall, Keith A. and Holmes, Edward C.},
	Date = {2004/01//print},
	Date-Added = {2015-07-07 15:25:53 -0700},
	Date-Modified = {2015-07-07 15:25:53 -0700},
	Isbn = {1471-0056},
	Journal = {Nat Rev Genet},
	M3 = {10.1038/nrg1246},
	Month = {01},
	Number = {1},
	Pages = {52--61},
	Title = {The causes and consequences of HIV evolution},
	Ty = {JOUR},
	Url = {http://dx.doi.org/10.1038/nrg1246},
	Volume = {5},
	Year = {2004},
	Bdsk-Url-1 = {http://dx.doi.org/10.1038/nrg1246}
}

@Article{Althaus14,
   Author="Althaus, C. L.  and Joos, B.  and Perelson, A. S.  and Gunthard, H. F. ",
   Title="{{Q}uantifying the turnover of transcriptional subclasses of {H}{I}{V}-1-infected cells}",
   Journal="PLoS Comput. Biol.",
   Year="2014",
   Volume="10",
   Number="10",
   Pages="e1003871",
   Month="Oct"
}

@Article{NELSI,
	Author="Duchene, D. and Duchene S.",
	Title="{N}{E}{L}{S}{I}: {N}ucleotide {E}vo{L}utionary {S}imulator",
	Year={2014},
	url={https://github.com/sebastianduchene/NELSI}
}

@article{TreeSim,
  title={TreeSim in R-Simulating trees under the birth-death model},
  author={Stadler, T},
  journal={R package version 2.1},
  volume={1},
  year={2010}
}

@Article{Stradler13,
   Author="Stadler, T.  and Kuhnert, D.  and Bonhoeffer, S.  and Drummond, A. J. ",
   Title="{{B}irth-death skyline plot reveals temporal changes of epidemic spread in {H}{I}{V} and hepatitis {C} virus ({H}{C}{V})}",
   Journal="Proc. Natl. Acad. Sci. U.S.A.",
   Year="2013",
   Volume="110",
   Number="1",
   Pages="228--233",
   Month="Jan"
}

@Article{Boskova14,
   Author="Boskova, V.  and Bonhoeffer, S.  and Stadler, T. ",
   Title="{{I}nference of epidemiological dynamics based on simulated phylogenies using birth-death and coalescent models}",
   Journal="PLoS Comput. Biol.",
   Year="2014",
   Volume="10",
   Number="11",
   Pages="e1003913",
   Month="Nov"
}

@Article{HKY85,
   Author="Hasegawa, M.  and Kishino, H.  and Yano, T. ",
   Title="{{D}ating of the human-ape splitting by a molecular clock of mitochondrial {D}{N}{A}}",
   Journal="J. Mol. Evol.",
   Year="1985",
   Volume="22",
   Number="2",
   Pages="160--174"
}

@article{APE,
  title={{A}{P}{E}: analyses of phylogenetics and evolution in {R} language},
  author={Paradis, Emmanuel and Claude, Julien and Strimmer, Korbinian},
  journal={Bioinformatics},
  volume={20},
  number={2},
  pages={289--290},
  year={2004},
  publisher={Oxford Univ Press}
}

@Article{Ho14,
   Author="Ho, S. Y.  and Duchene, S. ",
   Title="{{M}olecular-clock methods for estimating evolutionary rates and timescales}",
   Journal="Mol. Ecol.",
   Year="2014",
   Volume="23",
   Number="24",
   Pages="5947--5965",
   Month="Dec"
}

@article{Leitner99,
  title={The molecular clock of HIV-1 unveiled through analysis of a known transmission history},
  author={Leitner, Thomas and Albert, Jan},
  journal={Proceedings of the National Academy of Sciences},
  volume={96},
  number={19},
  pages={10752--10757},
  year={1999},
  publisher={National Acad Sciences}
}

@article{Kuhner95,
  title={Estimating effective population size and mutation rate from sequence data using Metropolis-Hastings sampling.},
  author={Kuhner, Mary K and Yamato, Jon and Felsenstein, Joseph},
  journal={Genetics},
  volume={140},
  number={4},
  pages={1421--1430},
  year={1995},
  publisher={Genetics Soc America}
}

@article{Korber00,
  title={Timing the ancestor of the HIV-1 pandemic strains},
  author={Korber, Bette and Muldoon, M and Theiler, J and Gao, F and Gupta, R and Lapedes, A and Hahn, BH and Wolinsky, S and Bhattacharya, T},
  journal={Science},
  volume={288},
  number={5472},
  pages={1789--1796},
  year={2000},
  publisher={American Association for the Advancement of Science}
}

@article{FastTree10,
  title={FastTree 2--approximately maximum-likelihood trees for large alignments},
  author={Price, Morgan N and Dehal, Paramvir S and Arkin, Adam P and others},
  journal={PloS one},
  volume={5},
  number={3},
  pages={e9490},
  year={2010}
}